<?xml version="1.0" encoding="UTF-8"?>
<record xmlns="http://www.loc.gov/MARC21/slim">
  <leader>01199nam a2200253Ia 4500</leader>
  <controlfield tag="001">3585887</controlfield>
  <controlfield tag="005">20101012154000.0</controlfield>
  <controlfield tag="008">970701s1827    fr            000 0 fre d</controlfield>
  <datafield tag="035" ind1=" " ind2=" ">
    <subfield code="a">(OCoLC)457418850</subfield>
  </datafield>
  <datafield tag="035" ind1=" " ind2=" ">
    <subfield code="a">ocn457418850</subfield>
  </datafield>
  <datafield tag="040" ind1=" " ind2=" ">
    <subfield code="a">BDF</subfield>
    <subfield code="b">fre</subfield>
    <subfield code="c">BDF</subfield>
  </datafield>
  <datafield tag="049" ind1=" " ind2=" ">
    <subfield code="a">BRLL</subfield>
  </datafield>
  <datafield tag="099" ind1=" " ind2=" ">
    <subfield code="a">XH.710.C34D</subfield>
  </datafield>
  <datafield tag="100" ind1="1" ind2=" ">
    <subfield code="a">Chabrol de Crousol, André Jean Christophe,</subfield>
    <subfield code="c">comte de,</subfield>
    <subfield code="d">1771-1836.</subfield>
  </datafield>
  <datafield tag="245" ind1="1" ind2="0">
    <subfield code="a">Chambre des Pairs. Séance du 22 janvier 1827. Discours prononcé par M. le comte Chabrol de Crousol, Ministre de la marine et des colonies,dans la discussion sur le projet de loi relatif à la traite des noirs.</subfield>
  </datafield>
  <datafield tag="246" ind1="3" ind2="0">
    <subfield code="a">Discours prononcé par M. le comte Chabrol de Crousol, dans la discussion sur le projet de loi relatif à la traite des noirs</subfield>
  </datafield>
  <datafield tag="260" ind1=" " ind2=" ">
    <subfield code="a">[France? :</subfield>
    <subfield code="b">The Chambre?],</subfield>
    <subfield code="c">1827</subfield>
  </datafield>
  <datafield tag="300" ind1=" " ind2=" ">
    <subfield code="a">16 p. ;</subfield>
    <subfield code="c">22 cm.</subfield>
  </datafield>
  <datafield tag="490" ind1="1" ind2=" ">
    <subfield code="a">Chambre des Pairs. Impressions diverses. Session de 1827 ;</subfield>
    <subfield code="v">N° 27.</subfield>
  </datafield>
  <datafield tag="650" ind1=" " ind2="0">
    <subfield code="a">Slave trade</subfield>
    <subfield code="z">France</subfield>
    <subfield code="x">Colonies.</subfield>
  </datafield>
  <datafield tag="710" ind1="1" ind2=" ">
    <subfield code="a">France.</subfield>
    <subfield code="b">Chambre des pairs.</subfield>
  </datafield>
  <datafield tag="810" ind1="2" ind2=" ">
    <subfield code="a">Chambre des Pairs. Impressions diverses. Session de 1827 ;</subfield>
    <subfield code="v">N° 27.</subfield>
  </datafield>
  <datafield tag="856" ind1="4" ind2="2">
    <subfield code="3">Bibliothèque nationale de France catalogue record</subfield>
    <subfield code="u">http://catalogue.bnf.fr/ark:/12148/cb30215413k</subfield>
  </datafield>
  <datafield tag="994" ind1=" " ind2=" ">
    <subfield code="a">C0</subfield>
    <subfield code="b">BRL</subfield>
  </datafield>
</record>
